% Encoding: windows-1252
@inproceedings{smith2015analog,
	title={An Analog History of Procedural Content Generation.},
	author={Smith, Gillian},
	booktitle={FDG},
	year={2015}
}
@incollection{togelius2016introduction,
	author={Togelius, Julian and Shaker, Noor and Nelson, Mark J.},
	title={Introduction},
	booktitle={Procedural Content Generation in Games: A Textbook and an Overview of Current Research},
	editor={Shaker, Noor and Togelius, Julian and Nelson, Mark J.},
	pages={1--15},
	publisher={Springer},
	year={2016}
}
@inproceedings{togelius2011procedural,
	title={What is procedural content generation?: Mario on the borderline},
	author={Togelius, Julian and Kastbjerg, Emil and Schedl, David and Yannakakis, Georgios N},
	booktitle={Proceedings of the 2nd international workshop on procedural content generation in games},
	pages={3},
	year={2011},
	organization={ACM}
}
@book{nilsson1998artificial,
	title={Artificial intelligence: a new synthesis},
	author={Nilsson, Nils J},
	year={1998},
	publisher={Elsevier}
}
@misc{ieee-cig,
	title = {IEEE Conference on Computational Intelligence and Games},
	howpublished = {\url{http://www.ieee-cig.org/}},
	note = {Accessed: 2018-05-22}
}
@misc{angry-birds,
	title = {Angry Birds official site},
	author = {Rovio Entertainment Corporation}
	howpublished = {\url{http://www.rovio.com/games/angry-birds}},
	note = {Accessed: 2018-05-22}
}


