% Encoding: windows-1252
@inproceedings{smith2015analog,
	title={An Analog History of Procedural Content Generation.},
	author={Smith, Gillian},
	booktitle={FDG},
	year={2015}
}
@incollection{togelius2016introduction,
	author={Togelius, Julian and Shaker, Noor and Nelson, Mark J.},
	title={Introduction},
	booktitle={Procedural Content Generation in Games: A Textbook and an Overview of Current Research},
	editor={Shaker, Noor and Togelius, Julian and Nelson, Mark J.},
	pages={1--15},
	publisher={Springer},
	year={2016}
}
@inproceedings{togelius2011procedural,
	title={What is procedural content generation?: Mario on the borderline},
	author={Togelius, Julian and Kastbjerg, Emil and Schedl, David and Yannakakis, Georgios N},
	booktitle={Proceedings of the 2nd international workshop on procedural content generation in games},
	pages={3},
	year={2011},
	organization={ACM}
}
@book{nilsson1998artificial,
	title={Artificial intelligence: a new synthesis},
	author={Nilsson, Nils J},
	year={1998},
	publisher={Elsevier}
}
@misc{ieee-cig,
	key = {IEEE}
	title = {IEEE Conference on Computational Intelligence and Games},
	howpublished = {\url{http://www.ieee-cig.org/}},
	note = {Accessed: 2018-05-22}
}
@misc{ab-level,
	author = {Laura Calle},
	title = {Angry Birds Level Generator Github repository},
	howpublished = {\url{https://github.com/Laucalle/AngryBirdsLevelGenerator}},
	note = {Accessed: 2018-10-30}
}
@misc{evolopy,
	author = {Hossam Faris},
	title = {EvoloPy},
	howpublished = {\url{https://github.com/7ossam81/EvoloPy}},
	note = {Accessed: 2018-10-30}
}
@misc{sciencebirds,
	author = {Lucas Ferreira},
	title = {Science Birds},
	howpublished = {\url{https://github.com/lucasnfe/Science-Birds}},
	note = {Accessed: 2018-06-17}
}
@misc{sciencebirds-adapt,
	author = {Laura Calle},
	title = {Science Birds adaptation},
	howpublished = {\url{https://github.com/Laucalle/Science-Birds}},
	note = {Accessed: 2018-06-17}
}
@misc{angry-birds,
	title = {Angry Birds official site},
	author = {Rovio Entertainment Corporation},
	howpublished = {\url{http://www.rovio.com/games/angry-birds}},
	note = {Accessed: 2018-05-22}
}
@inproceedings{togelius2010search,
	title={Search-based procedural content generation},
	author={Togelius, Julian and Yannakakis, Georgios N and Stanley, Kenneth O and Browne, Cameron},
	booktitle={European Conference on the Applications of Evolutionary Computation},
	pages={141--150},
	year={2010},
	organization={Springer}
}
@inproceedings{stephenson2016procedural,
	title={Procedural generation of complex stable structures for angry birds levels},
	author={Stephenson, Matthew and Renz, Jochen},
	booktitle={Computational Intelligence and Games (CIG), 2016 IEEE Conference on},
	pages={1--8},
	year={2016},
	organization={IEEE}
}
@inproceedings{stephenson2017generating,
	title={Generating varied, stable and solvable levels for angry birds style physics games},
	author={Stephenson, Matthew and Renz, Jochen},
	booktitle={Computational Intelligence and Games (CIG), 2017 IEEE Conference on},
	pages={288--295},
	year={2017},
	organization={IEEE}
}
@inproceedings{ferreira2014search,
	title={A search-based approach for generating angry birds levels},
	author={Ferreira, Lucas and Toledo, Claudio},
	booktitle={Computational intelligence and games (cig), 2014 ieee conference on},
	pages={1--8},
	year={2014},
	organization={IEEE}
}
@article{fortin2012deap,
	title={DEAP: Evolutionary algorithms made easy},
	author={Fortin, F{\'e}lix-Antoine and Rainville, Fran{\c{c}}ois-Michel De and Gardner, Marc-Andr{\'e} and Parizeau, Marc and Gagn{\'e}, Christian},
	journal={Journal of Machine Learning Research},
	volume={13},
	number={Jul},
	pages={2171--2175},
	year={2012}
}
@article{perone2009pyevolve,
	title={Pyevolve: a Python open-source framework for genetic algorithms},
	author={Perone, Christian S},
	journal={Acm Sigevolution},
	volume={4},
	number={1},
	pages={12--20},
	year={2009},
	publisher={ACM}
}
@book{ericson2004real,
	title={Real-time collision detection},
	author={Ericson, Christer},
	year={2004},
	publisher={CRC Press}
}

@inproceedings{hornby2001advantages,
	title={The advantages of generative grammatical encodings for physical design},
	author={Hornby, Gregory S and Pollack, Jordan B},
	booktitle={Evolutionary Computation, 2001. Proceedings of the 2001 Congress on},
	volume={1},
	pages={600--607},
	year={2001},
	organization={IEEE}
}

@inproceedings{lourencco2015sge,
	title={SGE: a structured representation for grammatical evolution},
	author={Louren{\c{c}}o, Nuno and Pereira, Francisco B and Costa, Ernesto},
	booktitle={International Conference on Artificial Evolution (Evolution Artificielle)},
	pages={136--148},
	year={2015},
	organization={Springer}
}
@inproceedings{runarsson2000stochastic,
	title={Stochastic ranking for constrained evolutionary optimization},
	author={Runarsson, Thomas P. and Yao, Xin},
	journal={IEEE Transactions on evolutionary computation},
	volume={4},
	number={3},
	pages={284--294},
	year={2000},
	publisher={IEEE}
}

@inproceedings{runarsson2003evolutionary,
	title={Evolutionary search and constraint violations},
	author={Runarsson, Thomas Philip and Yao, Xin},
	booktitle={Evolutionary Computation, 2003. CEC'03. The 2003 Congress on},
	volume={2},
	pages={1414--1419},
	year={2003},
	organization={IEEE}
}
@article{blum1970stability,
	title={A stability test for configurations of blocks},
	author={Blum, Manuel and Griffith, Arnold and Neumann, Bernard},
	year={1970}
}

@article{estevez2017statistical,
	title={Statistical Analysis of the Main Configuration Parameters of the Network Dynamic and Adaptive Radio Protocol (DARP)},
	author={Estevez, Francisco Jos{\'e} and Gonz{\'a}lez, Jes{\'u}s and Gl{\"o}sek{\"o}tter, Peter and Valenzuela, Olga and Rojas, Ignacio},
	journal={Sensors},
	volume={17},
	number={7},
	pages={1502},
	year={2017},
	publisher={Multidisciplinary Digital Publishing Institute}
}
